% This file was created with JabRef 2.10b3.
% Encoding: UTF-8


@InProceedings{ButtnerEC12,
  Title                    = {On Verifying {ATL} Transformations Using 'off-the-shelf' {SMT} Solvers},
  Author                   = {Fabian B{\"{u}}ttner and
 Marina Egea and
 Jordi Cabot},
  Booktitle                = {Model Driven Engineering Languages and Systems - 15th International
 Conference, {MODELS} 2012, Innsbruck, Austria, September 30-October
 5, 2012. Proceedings},
  Year                     = {2012},
  Pages                    = {432--448},

  Bibsource                = {dblp computer science bibliography, http://dblp.org},
  Biburl                   = {http://dblp.uni-trier.de/rec/bib/conf/models/ButtnerEC12},
  Crossref                 = {DBLP:conf/models/2012},
  Doi                      = {10.1007/978-3-642-33666-9_28},
  Timestamp                = {Wed, 19 Sep 2012 15:04:35 +0200},
  Url                      = {http://dx.doi.org/10.1007/978-3-642-33666-9_28}
}

@InProceedings{AmraniLSCDVTC12,
  Title                    = {{A Tridimensional Approach for Studying the Formal Verification of
 Model Transformations}},
  Author                   = {Moussa Amrani and
 Levi Lucio and
 Gehan M. K. Selim and
 Beno{\^{\i}}t Combemale and
 J{\"{u}}rgen Dingel and
 Hans Vangheluwe and
 Yves Le Traon and
 James R. Cordy},
  Booktitle                = {ICSTW},
  Year                     = {2012},
  Pages                    = {921--928}
}

@InProceedings{Anastasakis07,
  Title                    = {{Analysis of Model Transformations via {Alloy}}},
  Author                   = {Kyriakos Anastasakis and Behzad Bordbar and Jochen M. K\"uster},
  Booktitle                = {Proc. of MoDeVVa},
  Year                     = {2007}
}

@InCollection{Buettner2013,
  Title                    = {Checking Model Transformation Refinement},
  Author                   = {B{\"u}ttner, Fabian and Egea, Marina and Guerra, Esther and De Lara, Juan},
  Booktitle                = {Theory and Practice of Model Transformations},
  Publisher                = {Springer},
  Year                     = {2013},
  Pages                    = {158--173}
}

@InProceedings{BaloghBCGHMPPRVa10,
  Title                    = {Workflow-Driven Tool Integration Using Model Transformations},
  Author                   = {Andr{\'a}s Balogh and
 G{\'a}bor Bergmann and
 Gy{\"o}rgy Csert{\'a}n and
 L{\'a}szl{\'o} G{\"o}nczy and
 {\'A}kos Horv{\'a}th and
 Istv{\'a}n Majzik and
 Andr{\'a}s Pataricza and
 Bal{\'a}zs Polg{\'a}r and
 Istv{\'a}n R{\'a}th and
 D{\'a}niel Varr{\'o} and
 Gergely Varr{\'o}},
  Booktitle                = {Graph Transformations and Model-Driven Engineering},
  Year                     = {2010},
  Pages                    = {224--248},
  Publisher                = {Springer}
}

@InProceedings{BaloghBCGHMPPRVa10,
  Title                    = {{Workflow-Driven Tool Integration Using Model Transformations}},
  Author                   = {Andr{\'a}s Balogh and
 G{\'a}bor Bergmann and
 Gy{\"o}rgy Csert{\'a}n and
 L{\'a}szl{\'o} G{\"o}nczy and
 {\'A}kos Horv{\'a}th and
 Istv{\'a}n Majzik and
 Andr{\'a}s Pataricza and
 Bal{\'a}zs Polg{\'a}r and
 Istv{\'a}n R{\'a}th and
 D{\'a}niel Varr{\'o} and
 Gergely Varr{\'o}},
  Booktitle                = {Graph Transformations and Model-Driven Engineering},
  Year                     = {2010},
  Pages                    = {224--248},
  Publisher                = {Springer}
}

@InCollection{Barroca2011,
  Title                    = {Dsltrans: A turing incomplete transformation language},
  Author                   = {Barroca, Bruno and L{\'u}cio, Levi and Amaral, Vasco and F{\'e}lix, Roberto and Sousa, Vasco},
  Booktitle                = {Software Language Engineering},
  Publisher                = {Springer},
  Year                     = {2011},
  Pages                    = {296--305}
}

@Article{CabotCGL10,
  Title                    = {Verification and validation of declarative model-to-model transformations
 through invariants},
  Author                   = {Jordi Cabot and
 Robert Claris{\'{o}} and
 Esther Guerra and
 Juan de Lara},
  Journal                  = {Journal of Systems and Software},
  Year                     = {2010},
  Number                   = {2},
  Pages                    = {283--302},
  Volume                   = {83}
}

@Article{Cariou09,
  Title                    = {{OCL} contracts for the verification of model transformations},
  Author                   = {Eric Cariou and
 Nicolas Belloir and
 Franck Barbier and
 Nidal Djemam},
  Journal                  = {ECEASST},
  Year                     = {2009},
  Volume                   = {24}
}

@InProceedings{Garcia-Dominguez11,
  Title                    = {{EUnit: A Unit Testing Framework for Model Management Tasks}},
  Author                   = {Antonio Garc\'{\i}a-Dom\'{\i}nguez and
 Dimitrios S. Kolovos and
 Louis M. Rose and
 Richard F. Paige and
 Inmaculada Medina-Bulo},
  Booktitle                = {MODELS},
  Year                     = {2011},
  Pages                    = {395-409},
  Publisher                = {Springer}
}

@InProceedings{Pele,
  Title                    = {{Test-Driven Development of Model Transformations}},
  Author                   = {Pau Giner and Vicente Pelechano},
  Booktitle                = {MODELS'09},
  Year                     = {2009},
  Pages                    = {748--752},
  Publisher                = {Springer}
}

@InProceedings{GogollaHH14,
  Title                    = {{Checking Transformation Model Properties with a {UML} and {OCL} Model
 Validator}},
  Author                   = {Martin Gogolla and
 Lars Hamann and
 Frank Hilken},
  Booktitle                = {Third International Workshop on Verification of
 Model Transformations},
  Year                     = {2014},
  Pages                    = {16--25}
}

@InCollection{Gogolla2011,
  Title                    = {Tractable model transformation testing},
  Author                   = {Gogolla, Martin and Vallecillo, Antonio},
  Booktitle                = {ECMFA},
  Publisher                = {Springer},
  Year                     = {2011},
  Pages                    = {221--235}
}

@InProceedings{GonzalezC12,
  Title                    = {{ATLTest: {A} White-Box Test Generation Approach for {ATL} Transformations}},
  Author                   = {Carlos A. Gonz{\'{a}}lez and Jordi Cabot},
  Booktitle                = {MODELS},
  Year                     = {2012},
  Pages                    = {449--464}
}

@Article{Guerra12,
  Title                    = {Automated verification of model transformations based on visual contracts},
  Author                   = {Esther Guerra and
 Juan de Lara and
 Manuel Wimmer and
 Gerti Kappel and
 Angelika Kusel and
 Werner Retschitzegger and
 Johannes Sch{\"{o}}nb{\"{o}}ck and
 Wieland Schwinger},
  Journal                  = {Autom. Softw. Eng.},
  Year                     = {2013},
  Number                   = {1},
  Pages                    = {5--46},
  Volume                   = {20}
}

@InProceedings{Kolovos08,
  Title                    = {{Unit Testing Model Management Operations}},
  Author                   = {Dimitrios Kolovos and Richard Paige and Louis Rose and Fiona Polack},
  Booktitle                = {ICSTW},
  Year                     = {2008},
  Pages                    = {97--104},
  Publisher                = {IEEE}
}

@InProceedings{Kolovos06,
  Title                    = {Model comparison: a foundation for model composition and model transformation testing},
  Author                   = {Kolovos, Dimitrios S. and Paige, Richard F. and Polack, Fiona A.C.},
  Booktitle                = {GaMMa'06},
  Year                     = {2006},
  Pages                    = {13--20},
  Publisher                = {ACM}
}

@InCollection{Lucio2010,
  Title                    = {A technique for automatic validation of model transformations},
  Author                   = {L{\'u}cio, Levi and Barroca, Bruno and Amaral, Vasco},
  Booktitle                = {Model Driven Engineering Languages and Systems},
  Publisher                = {Springer},
  Year                     = {2010},
  Pages                    = {136--150}
}

@TechReport{Lucio2014,
  Title                    = {A technique for symbolically verifying properties of graph-based model transformations},
  Author                   = {L{\'u}cio, Levi and Oakes, B and Vangheluwe, Hans},
  Institution              = {Technical Report SOCS-TR-2014.1, McGill U},
  Year                     = {2014}
}

@InProceedings{Mottu2008,
  Title                    = {Model transformation testing: oracle issue},
  Author                   = {Mottu, Jean-Marie and Baudry, Benoit and Traon, Yves Le},
  Booktitle                = {ICSTW},
  Year                     = {2008},
  Pages                    = {105--112},
  Publisher                = {IEEE}
}

@Article{Narayanan08,
  Title                    = {{Towards Verifying Model Transformations}},
  Author                   = {Anantha Narayanan and
 Gabor Karsai},
  Journal                  = {Electr. Notes Theor. Comput. Sci.},
  Year                     = {2008},
  Pages                    = {191--200},
  Volume                   = {211}
}

@Unpublished{Oakes,
  Title                    = {Fully Verifying Transformation Contracts for Declarative ATL},
  Author                   = {Oakes, Bentley James and Troya, Javier and Lucio, Levi and Wimmer, Manuel},
  Note                     = {Submitted to MODELS 2015},

  Owner                    = {boakes},
  Timestamp                = {2015.07.09}
}

@InProceedings{Ramos07,
  Title                    = {Matching Model-Snippets},
  Author                   = {Rodrigo Ramos and
 Olivier Barais and
 Jean-Marc J{\'e}z{\'e}quel},
  Booktitle                = {MoDELS'07},
  Year                     = {2007},
  Pages                    = {121--135},
  Publisher                = {Springer}
}

@PhdThesis{Selim2015,
  Title                    = {Formal Verification of Graph-Based Model Transformations},
  Author                   = {Gehan MK Selim},
  School                   = {Queen's University},
  Year                     = {2015},

  Owner                    = {boakes},
  Timestamp                = {2015.05.01}
}

@InCollection{Selim2014,
  Title                    = {Specification and Verification of Graph-Based Model Transformation Properties},
  Author                   = {Selim, Gehan MK and L{\'u}cio, Levi and Cordy, James R and Dingel, Juergen and Oakes, Bentley J},
  Booktitle                = {Graph Transformation},
  Publisher                = {Springer},
  Year                     = {2014},
  Pages                    = {113--129}
}

@InCollection{Selim2012,
  Title                    = {Model transformations for migrating legacy models: an industrial case study},
  Author                   = {Selim, Gehan MK and Wang, Shige and Cordy, James R and Dingel, Juergen},
  Booktitle                = {Modelling Foundations and Applications},
  Publisher                = {Springer},
  Year                     = {2012},
  Pages                    = {90--101}
}

@Article{Troya2011,
  Title                    = {{A Rewriting Logic Semantics for ATL}},
  Author                   = {Troya, Javier and Vallecillo, Antonio},
  Journal                  = {Journal of Object Technology},
  Year                     = {2011},
  Number                   = {5},
  Pages                    = {1--29},
  Volume                   = {10}
}

@InCollection{Vallecillo2012,
  Title                    = {Formal specification and testing of model transformations},
  Author                   = {Vallecillo, Antonio and Gogolla, Martin and Burgueno, Loli and Wimmer, Manuel and Hamann, Lars},
  Booktitle                = {Formal Methods for Model-Driven Engineering},
  Publisher                = {Springer},
  Year                     = {2012},
  Pages                    = {399--437}
}

@InProceedings{WieberAS14,
  Title                    = {{On the Usage of TGGs for Automated Model Transformation Testing}},
  Author                   = {Martin Wieber and
 Anthony Anjorin and
 Andy Sch{\"{u}}rr},
  Booktitle                = {Theory and Practice of Model Transformations},
  Year                     = {2014},
  Pages                    = {1--16}
}

@Misc{atlTool,
  Title                    = {{A}tlas {T}ransformation {L}anguage -- {ATL}},
  HowPublished             = {http://eclipse.org/atl}
}

@Misc{atlZoo,
  Title                    = {{ATL} {Z}oo},
  HowPublished             = {http://www.eclipse.org/atl/atlTransformations}
}

